% Encoding: UTF-8

@Misc{miktex,
  title = {{MiK\TeX{}}},
  url   = {https://miktex.org/},
}

@Misc{perl,
  title = {Perl},
  url   = {https://www.perl.org/},
}

@Misc{upgrade,
  author = {{TUG}},
  title  = {{Upgrade from \TeX{} Live 2020 to 2021}},
  url    = {http://www.tug.org/texlive/upgrade.html},
}
